% web source evaluation
@article{DBLP:journals/corr/DongGMDHLSZ15,
  author    = {Xin Luna Dong and
               Evgeniy Gabrilovich and
               Kevin Murphy and
               Van Dang and
               Wilko Horn and
               Camillo Lugaresi and
               Shaohua Sun and
               Wei Zhang},
  title     = {Knowledge-Based Trust: Estimating the Trustworthiness of Web Sources},
  journal   = {CoRR},
  volume    = {abs/1502.03519},
  year      = {2015},
}

@article{Zhao:2012:BAD:2168651.2168656,
 author = {Zhao, Bo and Rubinstein, Benjamin I. P. and Gemmell, Jim and Han, Jiawei},
 title = {A Bayesian Approach to Discovering Truth from Conflicting Sources for Data Integration},
 journal = {Proc. VLDB Endow.},
 volume = {5},
 year = {2012},
 pages = {550--561},
} 

@inproceedings{Qi:2013:MCI:2488388.2488479,
 author = {Qi, Guo-Jun and Aggarwal, Charu C. and Han, Jiawei and Huang, Thomas},
 title = {Mining Collective Intelligence in Diverse Groups},
 booktitle = {Proceedings of the 22Nd International Conference on World Wide Web},
 year = {2013},
 pages = {1041--1052},
} 

@INPROCEEDINGS{6228170, 
author={Xin Luna Dong and Srivastava, D.}, 
booktitle={Data Engineering (ICDE), 2012 IEEE 28th International Conference on}, 
title={Detecting Clones, Copying and Reuse on the Web}, 
year={2012}, 
pages={1211-1213}, 
}

@inproceedings{Pochampally:2014:FDC:2588555.2593674,
 author = {Pochampally, Ravali and Das Sarma, Anish and Dong, Xin Luna and Meliou, Alexandra and Srivastava, Divesh},
 title = {Fusing Data with Correlations},
 booktitle = {Proceedings of the 2014 ACM SIGMOD International Conference on Management of Data},
 year = {2014},
 pages = {433--444},
} 

@inproceedings{Dong:2012:LMS:2448936.2448938,
 author = {Dong, Xin Luna and Saha, Barna and Srivastava, Divesh},
 title = {Less is more: selecting sources wisely for integration},
 booktitle = {Proceedings of the 39th international conference on Very Large Data Bases},
 year = {2013},
 pages = {37--48},
} 

@article{Dong:2014:DFK:2732951.2732962,
 author = {Dong, Xin Luna and Gabrilovich, Evgeniy and Heitz, Geremy and Horn, Wilko and Murphy, Kevin and Sun, Shaohua and Zhang, Wei},
 title = {From Data Fusion to Knowledge Fusion},
 journal = {Proc. VLDB Endow.},
 volume = {7},
 year = {2014},
 pages = {881--892},
} 

% knowledge vault
@inproceedings{Dong:2014:KVW:2623330.2623623,
 author = {Dong, Xin and Gabrilovich, Evgeniy and Heitz, Geremy and Horn, Wilko and Lao, Ni and Murphy, Kevin and Strohmann, Thomas and Sun, Shaohua and Zhang, Wei},
 title = {Knowledge Vault: A Web-scale Approach to Probabilistic Knowledge Fusion},
 booktitle = {Proceedings of the 20th ACM SIGKDD International Conference on Knowledge Discovery and Data Mining},
 year = {2014},
 pages = {601--610},
} 

$ deepdive
@inproceedings{Niu_deepdive:web-scale,
  author = {Feng Niu and Ce Zhang and Christopher Ré and Jude Shavlik},
  title = {DeepDive: Web-scale Knowledge-base Construction using Statistical Learning and Inference},
	booktitle = {VLDS},
  year = {2012}
}

@MISC{deepdive,
	howpublished = "http://deepdive.stanford.edu/"
}

%datasets
@misc{uciml,
author = "K. Bache and M. Lichman",
year = "2013",
title = "{UCI} Machine Learning Repository",
url = "http://archive.ics.uci.edu/ml",
institution = "University of California, Irvine, School of Information and Computer Sciences" 
}

% tech report
@misc{tr,
  howpublished = "https://www.stanford.edu/\string~manasrj/Papers/WebSourceQuality.pdf"
}